@article{GAN,
title = "Generative Adversarial Networks",
author = "Ian J. Goodfellow and Jean Pouget-Abadie and Mehdi Mirza and Bing Xu and David Warde-Farley and Sherjil Ozair and Aaron Courville and Yoshua Bengio",
journal = "arXiv",
year = "2015"
}

@article{DIA, 
title = "Targeted Data Extraction of the MS/MS Spectra Generated by Data-independent Acquisition: A New Concept for Consistent and Accurate Proteome Analysis",
author = "Ludovic C. Gillet and  Pedro Navarro and Stephen Tate and Hannes Rost and Nathalie Selevsek and Lukas Reiter and Ron Bonner and and Ruedi Aebersold",
journal = "Molecular and Cellular Proteomics", 
year = "2012"
}

@article{SRM,
title =  "Selected reaction monitoringâ€“based proteomics: workflows, potential, pitfalls and future directions",
author = "Paola Picotti	and Ruedi Aebersold",
year = "2012",
journal = "Nature Methods"
}

@article{SRGAN,
title = "Photo-Realistic Single Image Super-Resolution Using a Generative Adversarial Network", 
author = "Christian Ledig and Lucas Theis and Ferenc Huszar and Jose Caballero and Andrew Cunningham and Alejandro Acosta and Andrew Aitken and Alykhan Tejani and Johannes Totz and Zehan Wang and Wenzhe Shi",
journal = "arXiv", 
year = "2016"
}

@article{DE_RAIN,
title = "Derain Paper"
}

@article{TRIC,
title = "TRIC: an automated alignment strategy for reproducible protein quantification in targeted proteomics",
author = "Hannes L Rost and	Yansheng Liu and	Giuseppe D'Agostino and	Matteo Zanella and	Pedro Navarro and George Rosenberger and	Ben C Collins and	Ludovic Gillet and	Giuseppe Testa and	Lars Malmstrom	and Ruedi Aebersold",
journal = "Nature Methods",
year = "2016"
}

@article{Smooth_data,
title = "Ariadne's Thread: A Robust Software Solution Leading to Automated Absolute and Relative Quantification of SRM Data.",
author="S. Nasso and S. Goetze and L. Martens",
journal = "Journal of Proteome Research",
year="2015"
}